@article{Putze:2010:CHS:1498698.1594230,
 author = {Putze, Felix and Sanders, Peter and Singler, Johannes},
 title = {Cache-, Hash-, and Space-efficient Bloom Filters},
 journal = {J. Exp. Algorithmics},
 issue_date = {2009},
 volume = {14},
 month = jan,
 year = {2010},
 issn = {1084-6654},
 pages = {4:4.4--4:4.18},
 articleno = {4},
 numpages = {.78},
 url = {http://doi.acm.org/10.1145/1498698.1594230},
 doi = {10.1145/1498698.1594230},
 acmid = {1594230},
 publisher = {ACM},
 address = {New York, NY, USA},
 keywords = {Approximate dictionary, data compression},
} 

@article{huang2012art,
  title={ART: a next-generation sequencing read simulator},
  author={Huang, Weichun and Li, Leping and Myers, Jason R and Marth, Gabor T},
  journal={Bioinformatics},
  volume={28},
  number={4},
  pages={593--594},
  year={2012},
  publisher={Oxford Univ Press}
}
@article{holtgrewe2010mason,
  title={Mason--a read simulator for second generation sequencing data},
  author={Holtgrewe, Manuel},
  journal={Technical Report FU Berlin},
  year={2010}
}
@article{langmead2012fast,
  title={Fast gapped-read alignment with Bowtie 2},
  author={Langmead, Ben and Salzberg, Steven L},
  journal={Nature methods},
  volume={9},
  number={4},
  pages={357--359},
  year={2012},
  publisher={Nature Publishing Group}
}
@article{li2013aligning,
  title={Aligning sequence reads, clone sequences and assembly contigs with BWA-MEM},
  author={Li, Heng},
  journal={arXiv preprint arXiv:1303.3997},
  year={2013}
}
