@article{bloom1970space,
  title={Space/time trade-offs in hash coding with allowable errors},
  author={Bloom, Burton H},
  journal={Communications of the ACM},
  volume={13},
  number={7},
  pages={422--426},
  year={1970},
  publisher={ACM}
}

@article{pevzner2001eulerian,
  title={An Eulerian path approach to DNA fragment assembly},
  author={Pevzner, Pavel A and Tang, Haixu and Waterman, Michael S},
  journal={Proceedings of the National Academy of Sciences},
  volume={98},
  number={17},
  pages={9748--9753},
  year={2001},
  publisher={National Acad Sciences}
}
@article{chaisson2004fragment,
  title={Fragment assembly with short reads},
  author={Chaisson, Mark and Pevzner, Pavel and Tang, Haixu},
  journal={Bioinformatics},
  volume={20},
  number={13},
  pages={2067--2074},
  year={2004},
  publisher={Oxford Univ Press}
}
@article{tarkoma2012theory,
  title={Theory and practice of bloom filters for distributed systems},
  author={Tarkoma, Sasu and Rothenberg, Christian Esteve and Lagerspetz, Eemil},
  journal={Communications Surveys \& Tutorials, IEEE},
  volume={14},
  number={1},
  pages={131--155},
  year={2012},
  publisher={IEEE}
}
@article{jones2012compression,
  title={Compression of next-generation sequencing reads aided by highly efficient de novo assembly},
  author={Jones, Daniel C and Ruzzo, Walter L and Peng, Xinxia and Katze, Michael G},
  journal={Nucleic acids research},
  volume={40},
  number={22},
  pages={e171--e171},
  year={2012},
  publisher={Oxford Univ Press}
}
@article{melsted2011efficient,
  title={Efficient counting of k-mers in DNA sequences using a bloom filter},
  author={Melsted, Pall and Pritchard, Jonathan K},
  journal={BMC bioinformatics},
  volume={12},
  number={1},
  pages={333},
  year={2011},
  publisher={BioMed Central Ltd}
}
@article{pell2012scaling,
  title={Scaling metagenome sequence assembly with probabilistic de Bruijn graphs},
  author={Pell, Jason and Hintze, Arend and Canino-Koning, Rosangela and Howe, Adina and Tiedje, James M and Brown, C Titus},
  journal={Proceedings of the National Academy of Sciences},
  volume={109},
  number={33},
  pages={13272--13277},
  year={2012},
  publisher={National Acad Sciences}
}
@article{shi2010parallel,
  title={A parallel algorithm for error correction in high-throughput short-read data on CUDA-enabled graphics hardware},
  author={Shi, Haixiang and Schmidt, Bertil and Liu, Weiguo and M{\"u}ller-Wittig, Wolfgang},
  journal={Journal of Computational Biology},
  volume={17},
  number={4},
  pages={603--615},
  year={2010},
  publisher={Mary Ann Liebert, Inc. 140 Huguenot Street, 3rd Floor New Rochelle, NY 10801 USA}
}
@article{1kgenomeforreal,
  title={Is the \$1,000 genome for real?},
  author={Hayden, Erica Check},
  journal={Nature News},
  publisher={Nature Publishing Group},
  year={2014}
}
@article{kelley2010quake,
  title={Quake: quality-aware detection and correction of sequencing errors},
  author={Kelley, David R and Schatz, Michael C and Salzberg, Steven L and others},
  journal={Genome Biol},
  volume={11},
  number={11},
  pages={R116},
  year={2010}
}
@article{glenn2011field,
  title={Field guide to next-generation DNA sequencers},
  author={Glenn, Travis C},
  journal={Molecular Ecology Resources},
  volume={11},
  number={5},
  pages={759--769},
  year={2011},
  publisher={Wiley Online Library}
}
@article{schroder2009shrec,
  title={SHREC: a short-read error correction method},
  author={Schr{\"o}der, Jan and Schr{\"o}der, Heiko and Puglisi, Simon J and Sinha, Ranjan and Schmidt, Bertil},
  journal={Bioinformatics},
  volume={25},
  number={17},
  pages={2157--2163},
  year={2009},
  publisher={Oxford Univ Press}
}
@article{ilie2011hitec,
  title={HiTEC: accurate error correction in high-throughput sequencing data},
  author={Ilie, Lucian and Fazayeli, Farideh and Ilie, Silvana},
  journal={Bioinformatics},
  volume={27},
  number={3},
  pages={295--302},
  year={2011},
  publisher={Oxford University Press}
}
@article{salmela2011correcting,
  title={Correcting errors in short reads by multiple alignments},
  author={Salmela, Leena and Schr{\"o}der, Jan},
  journal={Bioinformatics},
  volume={27},
  number={11},
  pages={1455--1461},
  year={2011},
  publisher={Oxford Univ Press}
}
@article{kao2011echo,
  title={ECHO: a reference-free short-read error correction algorithm},
  author={Kao, Wei-Chun and Chan, Andrew H and Song, Yun S},
  journal={Genome research},
  volume={21},
  number={7},
  pages={1181--1192},
  year={2011},
  publisher={Cold Spring Harbor Lab}
}
@article{roy2013turtle,
  title={Turtle: Identifying frequent k-mers with cache-efficient algorithms},
  author={Roy, Rajat Shuvro and Bhattacharya, Debashish and Schliep, Alexander},
  journal={arXiv preprint arXiv:1305.1861},
  year={2013}
}
@article{heo2014bless,
  title={BLESS: Bloom-filter-based Error Correction Solution for High-throughput Sequencing Reads},
  author={Heo, Yun and Wu, Xiao-Long and Chen, Deming and Ma, Jian and Hwu, Wen-Mei},
  journal={Bioinformatics},
  pages={btu030},
  year={2014},
  publisher={Oxford Univ Press}
}
@article{liu2013musket,
  title={Musket: a multistage k-mer spectrum-based error corrector for Illumina sequence data},
  author={Liu, Yongchao and Schr{\"o}der, Jan and Schmidt, Bertil},
  journal={Bioinformatics},
  volume={29},
  number={3},
  pages={308--315},
  year={2013},
  publisher={Oxford Univ Press}
}
@article{marccais2011fast,
  title={A fast, lock-free approach for efficient parallel counting of occurrences of k-mers},
  author={Mar{\c{c}}ais, Guillaume and Kingsford, Carl},
  journal={Bioinformatics},
  volume={27},
  number={6},
  pages={764--770},
  year={2011},
  publisher={Oxford Univ Press}
}
@article{yang2010reptile,
  title={Reptile: representative tiling for short read error correction},
  author={Yang, Xiao and Dorman, Karin S and Aluru, Srinivas},
  journal={Bioinformatics},
  volume={26},
  number={20},
  pages={2526--2533},
  year={2010},
  publisher={Oxford Univ Press}
}
@article{medvedev2011error,
  title={Error correction of high-throughput sequencing datasets with non-uniform coverage},
  author={Medvedev, Paul and Scott, Eric and Kakaradov, Boyko and Pevzner, Pavel},
  journal={Bioinformatics},
  volume={27},
  number={13},
  pages={i137--i141},
  year={2011},
  publisher={Oxford Univ Press}
}
@incollection{bonomi2006improved,
  title={An improved construction for counting bloom filters},
  author={Bonomi, Flavio and Mitzenmacher, Michael and Panigrahy, Rina and Singh, Sushil and Varghese, George},
  booktitle={Algorithms--ESA 2006},
  pages={684--695},
  year={2006},
  publisher={Springer}
}
@article{fan2000summary,
  title={Summary cache: a scalable wide-area web cache sharing protocol},
  author={Fan, Li and Cao, Pei and Almeida, Jussara and Broder, Andrei Z},
  journal={IEEE/ACM Transactions on Networking (TON)},
  volume={8},
  number={3},
  pages={281--293},
  year={2000},
  publisher={IEEE Press}
}
@article{cormode2005improved,
  title={An improved data stream summary: the count-min sketch and its applications},
  author={Cormode, Graham and Muthukrishnan, S},
  journal={Journal of Algorithms},
  volume={55},
  number={1},
  pages={58--75},
  year={2005},
  publisher={Elsevier}
}
@article{zhang2013these,
  title={These are not the k-mers you are looking for: efficient online k-mer counting using a probabilistic data structure},
  author={Zhang, Qingpeng and Pell, Jason and Canino-Koning, Rosangela and Howe, Adina Chuang and Brown, C Titus},
  journal={arXiv preprint arXiv:1309.2975},
  year={2013}
}
@article{melsted2014kmerstream,
  title={KmerStream: Streaming algorithms for k-mer abundance estimation},
  author={Melsted, P{\'a}ll and Halld{\'o}rsson, Bjarni V},
  journal={bioRxiv},
  year={2014},
  publisher={Cold Spring Harbor Labs Journals}
}
@article{holtgrewe2010mason,
  title={Mason--a read simulator for second generation sequencing data},
  author={Holtgrewe, Manuel},
  journal={Technical Report FU Berlin},
  year={2010}
}
@article{langmead2012fast,
  title={Fast gapped-read alignment with Bowtie 2},
  author={Langmead, Ben and Salzberg, Steven L},
  journal={Nature methods},
  volume={9},
  number={4},
  pages={357--359},
  year={2012},
  publisher={Nature Publishing Group}
}
@article{zerbino2008velvet,
  title={Velvet: algorithms for de novo short read assembly using de Bruijn graphs},
  author={Zerbino, Daniel R and Birney, Ewan},
  journal={Genome research},
  volume={18},
  number={5},
  pages={821--829},
  year={2008},
  publisher={Cold Spring Harbor Lab}
}
@article{gurevich2013quast,
  title={QUAST: quality assessment tool for genome assemblies},
  author={Gurevich, Alexey and Saveliev, Vladislav and Vyahhi, Nikolay and Tesler, Glenn},
  journal={Bioinformatics},
  volume={29},
  number={8},
  pages={1072--1075},
  year={2013},
  publisher={Oxford Univ Press}
}
@article{salzberg2012gage,
  title={GAGE: A critical evaluation of genome assemblies and assembly algorithms},
  author={Salzberg, Steven L and Phillippy, Adam M and Zimin, Aleksey and Puiu, Daniela and Magoc, Tanja and Koren, Sergey and Treangen, Todd J and Schatz, Michael C and Delcher, Arthur L and Roberts, Michael and others},
  journal={Genome research},
  volume={22},
  number={3},
  pages={557--567},
  year={2012},
  publisher={Cold Spring Harbor Lab}
}
@article{chikhi2014informed,
  title={Informed and automated k-mer size selection for genome assembly},
  author={Chikhi, Rayan and Medvedev, Paul},
  journal={Bioinformatics},
  volume={30},
  number={1},
  pages={31--37},
  year={2014},
  publisher={Oxford Univ Press}
}
@article{Putze:2010:CHS:1498698.1594230,
 author = {Putze, Felix and Sanders, Peter and Singler, Johannes},
 title = {Cache-, Hash-, and Space-efficient Bloom Filters},
 journal = {J. Exp. Algorithmics},
 issue_date = {2009},
 volume = {14},
 month = jan,
 year = {2010},
 issn = {1084-6654},
 pages = {4:4.4--4:4.18},
 articleno = {4},
 numpages = {.78},
 url = {http://doi.acm.org/10.1145/1498698.1594230},
 doi = {10.1145/1498698.1594230},
 acmid = {1594230},
 publisher = {ACM},
 address = {New York, NY, USA},
 keywords = {Approximate dictionary, data compression},
} 


